@book{Finlayson:2000,
    author    = {B.J. Finlayson-Pitts and J.N.Jr. Pitts},
    title     = {Chemistry of the upper and lower atmosphere: Theory, experiments and applications},
    publisher = {Academic Press},    
    year = {2000},
    edition = {1},
    address = {San Diego} 
}

@book{Schwantes:2017,
    author    = {R.H. Schwantes and R.C. McVay and X. Zhang and M.M. Coggon and H. Lignell and R.C. Flagan and P.O. Wennberg and J.H. Seinfeld},
    title     = {Advances in Atmospheric Chemistry, Chapter 1: Science of the Environmental Chamber},
    publisher = {World Scientific},    
    year = {2017},
    doi = {10.1142/10216} 
}

@article{Hidy:2019,    
	author = {G.M. Hidy},
	title = {Atmospheric Chemistry in a Box or a Bag},
	journal = {Atmosphere-Basel},
	year = {2019},
	volume = {10(7)},
	doi = {10.3390/atmos10070401},
    }

@article{Chen:2005,    
	author = {J. Chen and R.J. Griffin},
	title = {Modeling secondary organic aerosol formation from oxidation of $\alpha$-pinene, $\beta$-pinene and $d$-limonene},
	journal = {Atmospheric Environment},
	year = {2005},
	volume = {39},
	pages = {7731-7744},
	doi = {10.1016/j.atmosenv.2005.05.049},
    }

@article{Pierce:2008,    
	author = {J. Pierce and G. Englehart and L. Hildebrandt and E. Weitkamp and E. Parthak and N. Donahue},
	title = {Constraining Particle Evolution from Wall Losses, Coagulation and Condensation-Evaporation in Smog Chamber Experiments: Optimal Based Size Distribution Measurements},
	journal = {Aerosol Science and Technology},
	year = {2008},
	volume = {42},
	doi = {10.1080/02786820802389251},
    }

@article{Roldin:2014,    
	author = {P. Roldin and A.C. Ericsson and E.Z. Nordin and E. Hermansson and D. Mogensen and A. Rusanen and M. Boy and E. Swietlicki and B. Svenningsson and A. Zelenyuk and J. Pagels},
	title = {Modelling non-equilibrium secondary organic aerosol formation and evaporation with the aerosol dynamics, gas- and particle-phase chemistry kinetic multilayer model ADCHAM},
	journal = {Atmospheric Chemistry and Physics},
	year = {2014},
	volume = {14},
	doi = {10.5194/acp-14-7953-2014},
    }

@article{Sunol:2018,    
	author = {A.M. Sunol and S.M. Charan and J.H. Seinfeld},
	title = {Computational simulation of the dynamics of secondary organic aerosol formation in an environmental chamber},
	journal = {Aerosol Science and Technology},
	year = {2018},
	pages = {470 - 482},
	volume = {52},
	doi = {10.1080/02786826.2018.1427209},
    }

@article{Roldin:2019,    
	author = {P. Roldin and M. Ehn and T. Kurt{\'e}n and T. Olenius and M.P. Rissanen and N. Sarnela and J. Elm and P. Rantala and L. Hao and N. Hyttinen and and L. Heikkinen and D.R. Worsnop and L. Pichelstorfer and C. Xavier and P. Clusius and E. {\"O}str{\"o}m and T. Pet{\"a}j{\"a} and M. Kulmala and H. Vehkam{\"a}ki and A. Virtanen and I. Riipinen and M. Boy},
	title = {The role of highly oxygenated organic molecules in the Boreal aerosol-cloud-climate system},
	journal = {Nature Communications},
	year = {2019},
	volume = {10},
	doi = {10.1038/s41467-019-12338-8},
    }

@article{Tong:2019,    
	author = {D. Tong and G. Geng and K. Jiang and J. Cheng and Y. Zheng and C. Hong and L. Yan and Y. Zhang and X. Chen and Y. Bo and Y. Lei and Q. Zhang and K. He},
	title = {Energy and emission pathways towards PM$_{2.5}$ air quality attainment in the Beijing-Tianjin-Hebei region by 2030},
	journal = {Science of the Total Environment},
	year = {2019},
	volume = {692},
	pages = {361-370},
	doi = {10.1016/j.scitotenv.2019.07.218},
    }

@article{Johnson:2018,    
	author = {J.S. Johnson and L.A. Regayre and M. Yoshioka and K.J. Pringle and L.A. Lee and D.M.H. Sexton and J.W. Rostron and B.B.B. Booth and K.S. Carslaw},
	title = {The importance of comprehensive parameter sampling and multiple observations for robust constraint of aerosol radiative forcing},
	journal = {Atmospheric Chemistry and Physics},
	year = {2018},
	volume = {18},
	pages = {13031-13053},
	doi = {10.5194/acp-18-13031-2018},
    }

@misc{EUROCHAMP:2020,
  author = {M. Oliveri},
  title = {EUROCHAMP 2020},
  year = 2018,
  url = {https://www.eurochamp.org/Eurochamp2020.aspx},
  urldate = {2018-12-10}
}

@misc{AtCHEM:2020,
	author = {K. Boro{\'n}ska and P. Jimack and M. Pilling and A. Rickard and M. Moreno and D. Waller and J. Young},
  	title = {AtChem on-line project},
  	year = 2019,
  	url = {https://atchem.leeds.ac.uk/webapp/},
  	urldate = {2019-05-12}
}

@book{Jacobson:2005,
    author    = {M.Z. Jacobson},
    title     = {Fundamentals of Atmospheric Modeling},
    publisher = {Cambridge University Press},    
    year = {2005},
    edition = {2},
    address = {Cambridge, U.K.}, 
}

@article{Topping:2018,    
	author = {D. Topping and P. Connolly and J. Reid},
	title = {PyBOX: An automated box-model generator for atmospheric chemistry and aerosol simulations},
	journal = {The Journal of Open Source Software},
	year = {2018},
	volume = {3(28)},
	doi = {10.21105/joss.00755},
    }

@article{Andersson:2015,
	author = {C. Andersson and C. F$\rm{\ddot{u}}$hrer and J. {\AA}kesson},
	title = {Assimulo: A unified framework for {ODE} solvers},
	journal = {Mathematics and Computers in Simulation},
	year = {2015},
	number = {0},
	pages = {26 - 43},
	volume = {116},
	doi = {10.1016/j.matcom.2015.04.007},
    }
    
@article{Zhang:2015,
	author = {X. Zhang and R.H. Schwantes and R.C. McVay and H. Lignell and M.M. Coggon and R.C. Flagan and J.H. Seinfeld},
	title = {Vapor wall deposition in Teflon chambers},
	year = {2015},
	journal = {Atmospheric Chemistry and Physics},
	volume = {15},
	pages={4197-4214},
	doi={10.5194/acp-15-4197-2015},
}

@article{Ehn:2014,
	author = {M. Ehn and J.A. Thornton and E. Kleist and M. Sipil{\"a} and H. Junninen and I. Pullinen and M. Springer and F. Rubach and R. Tillmann and B. Lee and F. Lopez-Hilfiker and S. Andres and I. Acir and M. Rissanen and T. Jokinen and S. Schobesberger and J. Kangasluoma and J. Kontkanen and T. Nieminen and T. Kurt{\'e}n and L. B. Nielsen and S. J{\o}rgensen and H.G. Kjaergaard and M. Canagaratna and M.D. Maso and T. Berndt and T. Pet{\"a}j{\"a} and A. Wahner and V. Kerminen and M. Kulmala and D.R. Worsnop and J. Wildt and T.F. Mentel},
	title = {A large source of low-volatility secondary organic aerosol},
	year = {2014},
	journal = {Nature},
	volume = {506},
	pages = {476--479},
	doi={10.1038/nature13032},
}

@article{hindmarsh:2005sundials,
  title={{SUNDIALS}: Suite of nonlinear and differential/algebraic equation solvers},
  author={Hindmarsh, Alan C and Brown, Peter N and Grant, Keith E and Lee, Steven L and Serban, Radu and Shumaker, Dan E and Woodward, Carol S},
  journal={ACM Transactions on Mathematical Software (TOMS)},
  volume={31},
  number={3},
  pages={363--396},
  year={2005},
  publisher={ACM}
}
